
@article{roemer:2004,
  author    = {R\"omer, Kay and Mattern, Friedemann},
  title     = {The design space of wireless sensor networks},
  journal   = {Wireless Communications},
  publisher = {IEEE},
  volume    = {11},
  issue     = {6},
  month     = {December},
  year      = {2004},
  pages     = {54 - 61}
}

@misc{gumstix01,
	title				= {Gumstix},
	year				= {2008},
	howpublished	= "\url{http://www.gumstix.com/}",
	key				= {gumstix}
}
@misc{jamvm01,
	title				= {JamVM},
	year				= {2009},
	howpublished	= "\url{http://jamvm.sourceforge.net/}",
	key				= {jamvm}
}
@misc{opendap01,
	title				= {OPeNDAP},
	year				= {2009},
	howpublished	= "\url{http://opendap.org/}",
	key				= {opendap}
}
@misc{knopflerfish01,
	title				={Knopflerfish},
	year				={2009},
	howpublished	="\url{http://www.knopflerfish.org/}",
	key				={knopflerfish}
}
@misc{classpath01,
	title				={Gnu Classpath},
	year				={2009},
	howpublished	="\url{http://www.gnu.org/software/classpath/}",
	key				={classpath}
}

@misc{xml2000,
    title           = {Extensible Markup Language (XML) 1.0 (Fifth Edition)},
    year            = {2000},
    howpublished    = "\url{http://www.w3.org/TR/REC-xml/}",
    key             = {xml}
}

@misc{xml-schema2004,
    title           = {XML Schema Part 0: Primer Second Edition},
    year            = {2004},
    howpublished    = "\url{http://www.w3.org/TR/2004/REC-xmlschema-0-20041028/}",
    key             = {xml-schema}
}

@misc{xml-jaxb,
    title           = {Java Architecture for XML Binding (JAXB) 2.0},
    year            = {2008},
    howpublished    = "\url{http://www.w3.org/TR/2004/REC-xmlschema-0-20041028/}",
    key             = {jaxb}
}

@BOOK{xml-dbind,
    title           = {Java and XML data binding},
    author          = {B McLaughlin},
    PUBLISHER       = {Prentice-Hall International Editions},
    year            = {2002},
    howpublished    = "\url{http://www.w3.org/TR/2004/REC-xmlschema-0-20041028/}",
    key             = {xml-data-bind}
}

@BOOK{Rumbaugh1991,
  AUTHOR    = {James Rumbaugh and Michael Blaha and William Premerlani and Frederick Eddy and William Lorensen},
  TITLE     = {Object-Oriented Modeling and Design},
  PUBLISHER = {Prentice-Hall International Editions},
  ADDRESS   = {New York, NY},
  YEAR      = {1991}
}

@manual{Sonde01,
	title				={6-Series Multiparameter Water Quality Sondes - User Manual},
	organization	={YSI Incorporated},
	note				="\url{https://www.ysi.com/DocumentServer/DocumentServer?docID=EMS_S_I}"
}