
%%%%%%%%%%%%%%%%%%%%%%%%%%%%%%%%%%%  SENSOR NETWORKS %%%%%%%%%%%%%%%%%%%%%%%%%%%%%%%%%%%%%%%%%%%
@article{sn-intro01,
    author = {Romer, K. and Mattern, F.},
    title = {The design space of wireless sensor networks},
    citeulike-article-id = {2316263},
    doi = {10.1109/MWC.2004.1368897},
    journal = {IEEE Wireless Communications},
    keywords = {network, overview, sensor},
    month = {December},
    number = {6},
    pages = {54--61},
    posted-at = {2008-01-31 20:28:08},
    volume = {11},
    year = {2004}
}

@ARTICLE{sn-intro02,
    title={A survey on sensor networks},
    author={Akyildiz, I.F. and Weilian Su and Sankarasubramaniam, Y. and Cayirci, E.},
    journal={Communications Magazine, IEEE},
    year={2002},
    month={Aug},
    volume={40},
    number={8},
    pages={102-114},
    keywords={ protocols, radio networks, sensors CSMA, carrier sense multiple access, data processing, health, 
               home applications, hybrid TDMA/FDMA-Based, low-cost sensor networks, military applications, 
               multifunctional sensor nodes, protocol stack layer, research, sensor networks, wireless 
               communications, wireless electronics},
    doi={10.1109/MCOM.2002.1024422},
    ISSN={0163-6804}
}

@article{sn-ex01,
    author = {Martinez,, Kirk and Hart,, Jane K. and Ong,, Royan},
    title = {Environmental Sensor Networks},
    journal = {Computer},
    volume = {37},
    number = {8},
    year = {2004},
    issn = {0018-9162},
    pages = {50--56},
    doi = {http://dx.doi.org/10.1109/MC.2004.91},
    publisher = {IEEE Computer Society Press},
    address = {Los Alamitos, CA, USA},
}

@inproceedings{sn-ex02,
    title = {Optimized Autonomous Space In-situ Sensor-Web for Volcano Monitoring},
    author = {Wen Zhan Song and Shirazi, B. and Kedar, S. and Chien, S. and Webb, F. and Tran, D. and Davis, A. and Pieri, D. and LaHusen, R. and Pallister, J. and Dzurisin, D. and Moran, S. and Lisowski, M.},
    booktitle = {Aerospace Conference, 2008 IEEE},
    year = {2008},
    month = {March},
    pages = {1-10},
    keywords = {geophysical techniques, intelligent sensors, protocols, telecommunication network management, telecommunication network topology, volcanology, wireless sensor networksEarth hazard monitoring sensor-web technology, Earth observing one satellite, autonomous data acquisition, autonomous sensor-web, bandwidth resource, limited power resource, open geospatial consortium sensor-web enablement protocols, optimized autonomous space in-situ sensor-web, remote network management, self-organization algorithm, sensor-web topology, smart bandwidth allocation algorithms, smart management, smart sensor nodes, test-bed in-situ array, two-way communication capability, volcano monitoring},
    doi = {10.1109/AERO.2008.4526457},
    ISSN = {1095-323X} 
}

@INPROCEEDINGS{sn-ex03,
    title = {Strapped-down accelerometer effects on NDBO wave measurements},
    author = {Earle, M. and Bush, K.},
    booktitle = {OCEANS 1984},
    year = {1982},
    month={Sep},
    volume={14},
    pages={838-848},
    doi={1151908}
}

@inproceedings{sn-exemple-blackbox,
    title = {The Evolution of Flight Data Analysis},
    author = {Campbell, Neil},
    booktitle = {ASASI 2007: Proceedings of Australian Society of Air Safety Investigators conference},
    year = {2007},
    pdf = {http://asasi.org/papers/2007/The_Evolution_of_Flight_Data_Analysis_Neil_Campbell.pdf},
    address = {Civic Square, Australia}
}

@inproceedings{sn-software-survey,
 author = {Schafer, Steffen and Elrad, Tzilla and Weber-Jahnke, Jens},
 title = {Building software for sensor networks},
 booktitle = {OOPSLA '06: Companion to the 21st ACM SIGPLAN symposium on Object-oriented programming systems, languages, and applications},
 year = {2006},
 isbn = {1-59593-491-X},
 pages = {620--620},
 location = {Portland, Oregon, USA},
 doi = {http://doi.acm.org/10.1145/1176617.1176636},
 publisher = {ACM},
 address = {New York, NY, USA},
 }
 
@inproceedings{sn-programming-language,
 author = {Bai, Lan S. and Dick, Robert P. and Dinda, Peter A.},
 title = {Archetype-based design: Sensor network programming for application experts, not just programming experts},
 booktitle = {IPSN '09: Proceedings of the 2009 International Conference on Information Processing in Sensor Networks},
 year = {2009},
 isbn = {978-1-4244-5108-1},
 pages = {85--96},
 publisher = {IEEE Computer Society},
 address = {Washington, DC, USA},
}


%%%%%%%%%%%%%%%%%%%%%%%%%%%%%%%%%%%  PERSISTENCE IN SENSOR NETWORKS %%%%%%%%%%%%%%%%%%%%%%%%%%%%%%%%%%%%%%%%%%%

@inproceedings{sn-storage01,
    author = {Sheng, Bo and Li, Qun and Mao, Weizhen},
    title = {Data storage placement in sensor networks},
    booktitle = {MobiHoc '06: Proceedings of the 7th ACM international symposium on Mobile ad hoc networking and computing},
    year = {2006},
    isbn = {1-59593-368-9},
    pages = {344--355},
    location = {Florence, Italy},
    doi = {http://doi.acm.org/10.1145/1132905.1132943},
    publisher = {ACM},
    address = {New York, NY, USA},
}

@article{sn-storage02,
    author = {Duarte-Melo, Enrique J. and Liu, Mingyan},
    title = {Data-gathering wireless sensor networks: organization and capacity},
    journal = {Comput. Netw.},
    volume = {43},
    number = {4},
    year = {2003},
    issn = {1389-1286},
    pages = {519--537},
    doi = {http://dx.doi.org/10.1016/S1389-1286(03)00357-8},
    publisher = {Elsevier North-Holland, Inc.},
    address = {New York, NY, USA},
}

@article{sn-storage03,
 author = {Shenker, Scott and Ratnasamy, Sylvia and Karp, Brad and Govindan, Ramesh and Estrin, Deborah},
 title = {Data-centric storage in sensornets},
 journal = {SIGCOMM Comput. Commun. Rev.},
 volume = {33},
 number = {1},
 year = {2003},
 issn = {0146-4833},
 pages = {137--142},
 doi = {http://doi.acm.org/10.1145/774763.774785},
 publisher = {ACM},
 address = {New York, NY, USA},
}

@inproceedings{sn-storage04,
 author = {Khan, Majid I. and Gansterer, Wilfried N. and Haring, Gunter},
 title = {In-Network Storage Model for Data Persistence under Congestion in Wireless Sensor Network},
 booktitle = {CISIS '07: Proceedings of the First International Conference on Complex, Intelligent and Software Intensive Systems},
 year = {2007},
 isbn = {0-7695-2823-6},
 pages = {221--228},
 doi = {http://dx.doi.org/10.1109/CISIS.2007.33},
 publisher = {IEEE Computer Society},
 address = {Washington, DC, USA},
 }

@inproceedings{sn-db-modeling01,
 author = {Luo, Qiong and Wu, Hejun},
 title = {System design issues in sensor databases},
 booktitle = {SIGMOD '07: Proceedings of the 2007 ACM SIGMOD international conference on Management of data},
 year = {2007},
 isbn = {978-1-59593-686-8},
 pages = {1182--1185},
 location = {Beijing, China},
 doi = {http://doi.acm.org/10.1145/1247480.1247650},
 publisher = {ACM},
 address = {New York, NY, USA},
}

@inproceedings{sn-db-modeling02,
    author = {Zechinelli-Martini, Jose-Luis and Elias-Morales, Ilian},
    title = {Modelling and querying sensor databases},
    booktitle = {ENC '07: Proceedings of the Eighth Mexican International Conference on Current Trends in Computer Science},
    year = {2007},
    isbn = {0-7695-2899-6},
    pages = {138--148},
    doi = {http://dx.doi.org/10.1109/ENC.2007.25},
    publisher = {IEEE Computer Society},
    address = {Washington, DC, USA},
}

@inproceedings{sn-geo-metadata,
 author = {Luo, Liqian and Kansal, Aman and Nath, Suman and Zhao, Feng},
 title = {Sharing and exploring sensor streams over geocentric interfaces},
 booktitle = {GIS '08: Proceedings of the 16th ACM SIGSPATIAL international conference on Advances in geographic information systems},
 year = {2008},
 isbn = {978-1-60558-323-5},
 pages = {1--10},
 location = {Irvine, California},
 doi = {http://doi.acm.org/10.1145/1463434.1463439},
 publisher = {ACM},
 address = {New York, NY, USA},
 }

@article{sn-info-fusion,
 author = {Nakamura, Eduardo F. and Loureiro, Antonio A. F. and Frery, Alejandro C.},
 title = {Information fusion for wireless sensor networks: Methods, models, and classifications},
 journal = {ACM Comput. Surv.},
 volume = {39},
 number = {3},
 year = {2007},
 issn = {0360-0300},
 pages = {9},
 doi = {http://doi.acm.org/10.1145/1267070.1267073},
 publisher = {ACM},
 address = {New York, NY, USA},
}

%%%%%%%%%%%%%%%%%%%%%%%%%%%%%%%%%%%  DATA MODELS AND LANGUAGES SENSOR NETWORKS %%%%%%%%%%%%%%%%%%%%%%%%%%%%%%%%%%%

@inproceedings{sn-provenance,
 author = {Ledlie, Jonathan and Ng, Chaki and Holland, David A.},
 title = {Provenance-Aware Sensor Data Storage},
 booktitle = {ICDEW '05: Proceedings of the 21st International Conference on Data Engineering Workshops},
 year = {2005},
 isbn = {0-7695-2657-8},
 pages = {1189},
 doi = {http://dx.doi.org/10.1109/ICDE.2005.270},
 publisher = {IEEE Computer Society},
 address = {Washington, DC, USA},
}

@inproceedings{sn-xml-usage01,
 author = {Hoeller, Nils and Reinke, Christoph and Neumann, Jana and Groppe, Sven and Boeckmann, Daniel and Linnemann, Volker},
 title = {Efficient XML usage within wireless sensor networks},
 booktitle = {WICON '08: Proceedings of the 4th Annual International Conference on Wireless Internet},
 year = {2008},
 isbn = {978-963-9799-36-3},
 pages = {1--10},
 location = {Maui, Hawaii},
 publisher = {ICST (Institute for Computer Sciences, Social-Informatics and Telecommunications Engineering)},
 address = {ICST, Brussels, Belgium, Belgium},
}

@inproceedings{sn-xml-usage02,
 author = {Hoeller, N. and  Reinke, C. and Groppe, S. and Linnemann, V.},
 title = {Xobe Sensor Networks: Integrating XML in sensor network programming},
 booktitle = {INSS 2008. 5th International Conference on Networked Sensing Systems},
 day = {17-19},
 month = {June},
 year = {2008},
 isbn = {978-4-907764-31-9},
 pages = {229-229},
 doi = {http://dx.doi.org/10.1109/INSS.2008.4610868},
 location = {Kanazawa, Japan}, 
 publisher = {IEEE Computer Society}
} 

@inproceedings{sn-xml-usage03,
 author = {Sow, Daby M. and Lim, Lipyeow and Wang, Min and Kim, Kyu Hyun},
 title = {Persisting and querying biometric event streams with hybrid relational-XML DBMS},
 booktitle = {DEBS '07: Proceedings of the 2007 inaugural international conference on Distributed event-based systems},
 year = {2007},
 isbn = {978-1-59593-665-3},
 pages = {189--197},
 location = {Toronto, Ontario, Canada},
 doi = {http://doi.acm.org/10.1145/1266894.1266933},
 publisher = {ACM},
 address = {New York, NY, USA},
 }

@inproceedings{sn-xml-query-engines,
 author = {O'Connor, M.F. and Conroy, K. and Roantree, M. and Smeaton, A.F. and Moyna, N.M.},
 title = {Querying XML data streams from wireless sensor networks: An evaluation of query engines},
 booktitle = {RCIS 2009: Third International Conference on Research Challenges in Information Science},
 day = {22-24},
 month = {April},
 year = {2009},
 isbn = {978-1-4244-2864-9},
 pages = {23 -- 30},
 doi = {http://dx.doi.org/10.1109/RCIS.2009.5089264},
 location = {Fes, Morocco}, 
 publisher = {IEEE Computer Society}
} 

@misc{sn-xml-middleware,
    title = {Swiss Experiment: a New Environmental Monitoring Platform in Alpine Environment},
    year = {2008},
    howpublished = "\url{http://lsir-swissex.epfl.ch/index.php/SwissEx:Publications}",
    key = {sn-xml-middleware}
}

@article{sn-db-tinydb,
 author = {Madden, Samuel R. and Franklin, Michael J. and Hellerstein, Joseph M. and Hong, Wei},
 title = {TinyDB: an acquisitional query processing system for sensor networks},
 journal = {ACM Trans. Database Syst.},
 volume = {30},
 number = {1},
 year = {2005},
 issn = {0362-5915},
 pages = {122--173},
 doi = {http://doi.acm.org/10.1145/1061318.1061322},
 publisher = {ACM},
 address = {New York, NY, USA},
 }

@inproceedings{sn-db-newop,
 author = {Lee, Seungjae and Kim, Changhwa and Kim, Sangkyung},
 title = {New Database Operators for Sensor Networks},
 booktitle = {SERA '07: Proceedings of the 5th ACIS International Conference on Software Engineering Research, Management \& Applications},
 year = {2007},
 isbn = {0-7695-2867-8},
 pages = {689--696},
 doi = {http://dx.doi.org/10.1109/SERA.2007.101},
 publisher = {IEEE Computer Society},
 address = {Washington, DC, USA},
 }

@inproceedings{sn-time-series,
 author = {Yin, Jie and Gaber, Mohamed Medhat},
 title = {Clustering Distributed Time Series in Sensor Networks},
 booktitle = {ICDM '08: Proceedings of the 2008 Eighth IEEE International Conference on Data Mining},
 year = {2008},
 isbn = {978-0-7695-3502-9},
 pages = {678--687},
 doi = {http://dx.doi.org/10.1109/ICDM.2008.58},
 publisher = {IEEE Computer Society},
 address = {Washington, DC, USA},
 }
 
@inproceedings{sn-time-series-example,
 author = {Hamida, Elyes Ben and Ochiai, Hideya and Esaki, Hiroshi and Borgnat, Pierre and Abry, Patrice and Fleury, Eric},
 title = {Measurement Analysis of the Live E! Sensor Network: Spatial-Temporal Correlations and Data Aggregation},
 booktitle = {SAINT '09: Proceedings of the 2009 Ninth Annual International Symposium on Applications and the Internet},
 year = {2009},
 isbn = {978-0-7695-3700-9},
 pages = {263--266},
 doi = {http://dx.doi.org/10.1109/SAINT.2009.60},
 publisher = {IEEE Computer Society},
 address = {Washington, DC, USA},
 }
 

@inproceedings{sn-data-reduction,
 author = {de Aquino, Andr\'{e} L. L. and Figueiredo, Carlos M. S. and Nakamura, Eduardo F. and Frery, Alejandro C. and Loureiro, Antonio A. F. and Fernandes, Ant\^{o}nio Ot\'{a}vio},
 title = {Sensor stream reduction for clustered wireless sensor networks},
 booktitle = {SAC '08: Proceedings of the 2008 ACM symposium on Applied computing},
 year = {2008},
 isbn = {978-1-59593-753-7},
 pages = {2052--2056},
 location = {Fortaleza, Ceara, Brazil},
 doi = {http://doi.acm.org/10.1145/1363686.1364183},
 publisher = {ACM},
 address = {New York, NY, USA},
 }
 
@article{sn-schedule-minimal-aggregation-time,
 author = {Chen, Xujin and Hu, Xiaodong and Zhu, Jianming},
 title = {Data Gathering Schedule for Minimal Aggregation Time in Wireless Sensor Networks},
 journal = {Int. J. Distrib. Sen. Netw.},
 volume = {5},
 number = {4},
 year = {2009},
 issn = {1550-1329},
 pages = {321--337},
 doi = {http://dx.doi.org/10.1080/15501320701585527},
 publisher = {Taylor \& Francis, Inc.},
 address = {Bristol, PA, USA},
 }

@inproceedings{sn-dataware-house,
 author = {Nikom, Jacob},
 title = {Real-time Sensor Data Warehouse Architecture Using MySQL},
 booktitle = {MySQL Users Conference},
 year = {2005},
 month = {April},
 doi = {http://conferences.oreillynet.com/cs/mysqluc2005/view/e_sess/6126},
 publisher = {O'Reilly Media, Inc.}
}

@article{sn-scheduling-survey,
 author = {Wang, Lan and Xiao, Yang},
 title = {A survey of energy-efficient scheduling mechanisms in sensor networks},
 journal = {Mob. Netw. Appl.},
 volume = {11},
 number = {5},
 year = {2006},
 issn = {1383-469X},
 pages = {723--740},
 doi = {http://dx.doi.org/10.1007/s11036-006-7798-5},
 publisher = {Kluwer Academic Publishers},
 address = {Hingham, MA, USA},
 }

@article{sn-annotation,
 author = {Liu, Xiaotao and Corner, Mark and Shenoy, Prashant},
 title = {SEVA: Sensor-enhanced video annotation},
 journal = {ACM Trans. Multimedia Comput. Commun. Appl.},
 volume = {5},
 number = {3},
 year = {2009},
 issn = {1551-6857},
 pages = {1--26},
 doi = {http://doi.acm.org/10.1145/1556134.1556141},
 publisher = {ACM},
 address = {New York, NY, USA},
 }
 
@inproceedings{sn-data-center,
 author = {Kang, Kyoung-Don and Basaran, Can},
 title = {Adaptive Data Replication for Load Sharing in a Sensor Data Center},
 booktitle = {ICDCSW '09: Proceedings of the 2009 29th IEEE International Conference on Distributed Computing Systems Workshops},
 year = {2009},
 isbn = {978-0-7695-3660-6},
 pages = {20--25},
 doi = {http://dx.doi.org/10.1109/ICDCSW.2009.12},
 publisher = {IEEE Computer Society},
 address = {Washington, DC, USA},
}

%%%%%%%%%%%%%%%%%%%%%%%%%%%%%%%%%%%  Data and Data Storage Systems %%%%%%%%%%%%%%%%%%%%%%%%%%%%%%%%%%%%%%%%%%%

@inproceedings{tabular-model,
 author = {Saint-Paul, R\'{e}gis and Benatallah, Boualem and Vayssi\`{e}re, Julien},
 title = {Data services in your spreadsheet!},
 booktitle = {EDBT '08: Proceedings of the 11th international conference on Extending database technology},
 year = {2008},
 isbn = {978-1-59593-926-5},
 pages = {690--694},
 location = {Nantes, France},
 doi = {http://doi.acm.org/10.1145/1353343.1353427},
 publisher = {ACM},
 address = {New York, NY, USA},
 }

@article{relational-model,
 author = {Codd, E. F.},
 title = {A relational model of data for large shared data banks},
 journal = {Commun. ACM},
 volume = {13},
 number = {6},
 year = {1970},
 issn = {0001-0782},
 pages = {377--387},
 doi = {http://doi.acm.org/10.1145/362384.362685},
 publisher = {ACM},
 address = {New York, NY, USA},
}

@article{db-normalization,
 author = {Kent, William},
 title = {A simple guide to five normal forms in relational database theory},
 journal = {Commununications ACM},
 volume = {26},
 number = {2},
 year = {1983},
 issn = {0001-0782},
 pages = {120--125},
 doi = {http://doi.acm.org/10.1145/358024.358054},
 publisher = {ACM},
 address = {New York, NY, USA},
 }

@article{db-taxonomy,
 author = {Taniar, David and Rahayu, J. Wenny},
 title = {A Taxonomy of Indexing Schemes for Parallel Database Systems},
 journal = {Distrib. Parallel Databases},
 volume = {12},
 number = {1},
 year = {2002},
 issn = {0926-8782},
 pages = {73--106},
 doi = {http://dx.doi.org/10.1023/A:1015682215394},
 publisher = {Kluwer Academic Publishers},
 address = {Hingham, MA, USA},
 }

@inproceedings{db-kvp,
 author = {DeCandia, Giuseppe and Hastorun, Deniz and Jampani, Madan and Kakulapati, Gunavardhan and 
            Lakshman, Avinash and Pilchin, Alex and Sivasubramanian, Swaminathan and Vosshall, Peter and 
            Vogels, Werner},
 title = {Dynamo: amazon's highly available key-value store},
 booktitle = {SOSP '07: Proceedings of twenty-first ACM SIGOPS symposium on Operating systems principles},
 year = {2007},
 isbn = {978-1-59593-591-5},
 pages = {205--220},
 location = {Stevenson, Washington, USA},
 doi = {http://doi.acm.org/10.1145/1294261.1294281},
 publisher = {ACM},
 address = {New York, NY, USA},
}

@inproceedings{db-provenance,
 author = {Miles, Simon and Munroe, Steve and Luck, Michael and Moreau, Luc},
 title = {Modelling the provenance of data in autonomous systems},
 booktitle = {AAMAS '07: Proceedings of the 6th international joint conference on Autonomous agents and multiagent systems},
 year = {2007},
 isbn = {978-81-904262-7-5},
 pages = {1--8},
 location = {Honolulu, Hawaii},
 doi = {http://doi.acm.org/10.1145/1329125.1329185},
 publisher = {ACM},
 address = {New York, NY, USA},
}

@article{db-temporal,
    title = {Temporal and real-time databases: a survey},
    author = {Ozsoyoglu, G. and Snodgrass, R.T.},
    journal = {Knowledge and Data Engineering, IEEE Transactions on},
    year = {1995},
    month = {Aug},
    volume = {7},
    number = {4},
    pages = {513-532},
    keywords = {query languages, query processing, real-time systems, temporal databases, transaction processingdata models, deadlines, object-oriented databases, real-time databases, real-time query languages, relational databases, survey, temporal database, time-constrained databases, time-varying data, timing constraints, transaction processing, transaction time, user-defined time, valid time},
    doi = {10.1109/69.404027},
    ISSN = {1041-4347}
}

@article{map-reduce-load,
 author = {Dean, Jeffrey and Ghemawat, Sanjay},
 title = {MapReduce: simplified data processing on large clusters},
 journal = {Communications ACM},
 volume = {51},
 number = {1},
 year = {2008},
 issn = {0001-0782},
 pages = {107--113},
 doi = {http://doi.acm.org/10.1145/1327452.1327492},
 publisher = {ACM},
 address = {New York, NY, USA},
}

 
%%%%%%%%%%%%%%%%%%%%%%%%%%%%%%%%%%%  NetBEAMS  %%%%%%%%%%%%%%%%%%%%%%%%%%%%%%%%%%%%%%%%%%%

@inproceedings{sfbeams2006,
 author = {Raleigh, C. and Robinson, D. and Garfield, N. and Peterson, D.},
 title = {SF-BEAMS: an Evolving  Estuarine Ocean Observing System},
 booktitle = {OS2006: 13th Ocean Sciences Meeting of ASLO, ERF, TOS and AGU},
 month = {February},
 year = {2006},
 publisher = {(AGU) - American Geophysical Union},
 address = {Honolulu, HI, USA}
}


@misc{sfbeams-current-system,
    title = {{SFBEAMS SYSTEM SPECIFICATIONS}},
    year = {2009},
    howpublished = "website",
    notes = "\url{http://sfbeams.sfsu.edu/system.htm}",
    key = {sfbeams-current-system},
}

@inproceedings{netbeams2009,
 author = {Puder, Arno and Johnson, Teresa and Sales, Kleber and de Sales, Marcello and Davidson, Dale},
 title = {A Component-Based Sensor Network for Environmental Monitoring},
 booktitle = {SNA-2009: 1st International Conference on Sensor Networks and Applications},
 year = {2009},
 isbn = {978-1-880843-74-1},
 pages = {54-60},
 publisher = {The International Society for Computers and Their Applications - ISCA},
 address = {San Francisco, CA, USA}
}

%%%%%%%%%%%%%%%%%%%%%%%%%%%%%%%%%%%  Distributed Systems %%%%%%%%%%%%%%%%%%%%%%%%%%%%%%%%%%%%%%%%%%%

@article{db-shard-intro,
 author = {Pritchett, Dan},
 title = {BASE: An Acid Alternative},
 journal = {Queue},
 volume = {6},
 number = {3},
 year = {2008},
 issn = {1542-7730},
 pages = {48--55},
 doi = {http://doi.acm.org/10.1145/1394127.1394128},
 publisher = {ACM},
 address = {New York, NY, USA}
}

@misc{db-shard-discussion,
    title = {{An Unorthodox Approach to Database Design: The Coming of the Shard}},
    year = {2009},
    howpublished = "website",
    notes = "\url{http://highscalability.com/unorthodox-approach-database-design-coming-shard}",
    key = {shards, partitioning},
}

@misc{db-shard-schemas,
    title = {Building Scalable Databases: Pros and Cons of Various Database Sharding Schemes},
    year = {2009},
    month = {January},
    author = {Obasanjo, Dare},
    howpublished  = "\url{http://www.25hoursaday.com/weblog/2009/01/16/BuildingScalableDatabasesProsAndConsOfVariousDatabaseShardingSchemes.aspx}",
    key = {db-is-rdbs-dommed}
} 

@inproceedings{db-partition,
 author = {Chen, Hao},
 title = {Update Operation and Partition Dependency in Distributed Database Systems},
 booktitle = {AINA '03: Proceedings of the 17th International Conference on Advanced Information Networking and Applications},
 year = {2003},
 isbn = {0-7695-1906-7},
 pages = {624},
 publisher = {IEEE Computer Society},
 address = {Washington, DC, USA},
 }

@misc{db-partitioning-relational,
    title = {Improving Database Performance with Partitioning},
    year = {2006},
    month = {March},
    author = {Schumacher, Robin},
    howpublished  = "\url{http://dev.mysql.com/tech-resources/articles/performance-partitioning.html}",
    key = {db-partitioning-relational}
} 

@misc{db-mongo-partition,
    title = {Sharding Introduction - MongoDB},
    year = {2009},
    month = {June},
    author = {Merriman, Dwight},
    howpublished  = "\url{http://www.mongodb.org/display/DOCS/Sharding+Introduction}",
    key = {db-mongo-partition}
}

@misc{db-db2-partition,
    title = {Database Partitioning, Table Partitioning, and MDC for DB2 9},
    year = {2007},
    month = {August},
    author = {Chen, Whei-Jen and Fisher, Alain and Lalla, Aman and McLauchlan, Andrew and Agnew, Doug},
    howpublished  = "\url{http://www.redbooks.ibm.com/abstracts/SG247467.html}",
    key = {db-db2-partition}
}

@inproceedings{xml-piggybacking,
 author = {Chan, Chee Yong and Ni, Yuan},
 title = {Efficient xml data dissemination with piggybacking},
 booktitle = {SIGMOD '07: Proceedings of the 2007 ACM SIGMOD international conference on Management of data},
 year = {2007},
 isbn = {978-1-59593-686-8},
 pages = {737--748},
 location = {Beijing, China},
 doi = {http://doi.acm.org/10.1145/1247480.1247562},
 publisher = {ACM},
 address = {New York, NY, USA},
 }

@misc{db-is-rdbs-dommed,
    title = {Is the Relational Database Doomed?},
    year = {2009},
    month = {February},
    author = {Bain, Tony},
    howpublished  = "\url{http://www.readwriteweb.com/enterprise/2009/02/is-the-relational-database-doomed.php}",
    key = {db-is-rdbs-dommed}
}

@PhdThesis{http-rest,
  author = {Fielding, Roy Thomas},
  title = {Architectural Styles and the Design of Network-based Software Architectures},
  school = {University of California, Irvine},
  year = {2000},
  type = {Information and Computer Science},
  OPTaddress = {Irvine, California},
  OPTannote = {Definition of the REST approach}
}

@misc{db-kvp-in-relational01,
    title = {Database Design Using Key-Value Tables},
    year = {2006},
    month = {February},
    author = {Olier, Tal},
    howpublished = "\url{http://www.devshed.com/c/a/MySQL/Database-Design-Using-KeyValue-Tables/}",
    key = {db-kvp-in-relational01}
}

@misc{db-kvp-in-relational02,
    title = {Key Value Pairs in Database Design},
    year = {2006},
    month = {March},
    author = {Gosbell, Darren},
    howpublished = "\url{http://geekswithblogs.net/darrengosbell/articles/KVPsInDatabaseDesign.aspx}",
    key = {db-kvp-in-relational02}
}

@article{bigtable,
 author = {Chang, Fay and Dean, Jeffrey and Ghemawat, Sanjay and Hsieh, Wilson C. and Wallach, Deborah A. and Burrows, Mike and Chandra, Tushar and Fikes, Andrew and Gruber, Robert E.},
 title = {Bigtable: A Distributed Storage System for Structured Data},
 journal = {ACM Trans. Comput. Syst.},
 volume = {26},
 number = {2},
 year = {2008},
 issn = {0734-2071},
 pages = {1--26},
 doi = {http://doi.acm.org/10.1145/1365815.1365816},
 publisher = {ACM},
 address = {New York, NY, USA},
 }
 
@book{db-xml-enabled,
 author = {Chaudhri, A. and Zicari, Roberto and Rashid, Awais},
 title = {XML Data Management: Native XML and XML Enabled DataBase Systems},
 year = {2003},
 isbn = {0201844524},
 publisher = {Addison-Wesley Longman Publishing Co., Inc.},
 address = {Boston, MA, USA},
 }

@inproceedings{map-reduce,
 author = {Dean, Jeffrey and Ghemawat, Sanjay},
 title = {MapReduce: simplified data processing on large clusters},
 booktitle = {OSDI'04: Proceedings of the 6th conference on Symposium on Opearting Systems Design \& Implementation},
 year = {2004},
 pages = {10--10},
 location = {San Francisco, CA},
 publisher = {USENIX Association},
 address = {Berkeley, CA, USA},
 }

%%%%%%%%%%%%%%%%%%%%%%%%%%%%%%%%%%%  Software Engineering %%%%%%%%%%%%%%%%%%%%%%%%%%%%%%%%%%%%%%%%%%%

@article{open-source,
 author = {von Krogh, Georg and Spaeth, Sebastian},
 title = {The open source software phenomenon: Characteristics that promote research},
 journal = {J. Strateg. Inf. Syst.},
 volume = {16},
 number = {3},
 year = {2007},
 issn = {0963-8687},
 pages = {236--253},
 doi = {http://dx.doi.org/10.1016/j.jsis.2007.06.001},
 publisher = {Butterworth-Heinemann},
 address = {Newton, MA, USA},
}

@inproceedings{gof,
 author = {Hannemann, Jan and Kiczales, Gregor},
 title = {Design pattern implementation in Java and aspectJ},
 booktitle = {OOPSLA '02: Proceedings of the 17th ACM SIGPLAN conference on Object-oriented programming, systems, languages, and applications},
 year = {2002},
 isbn = {1-58113-471-1},
 pages = {161--173},
 location = {Seattle, Washington, USA},
 doi = {http://doi.acm.org/10.1145/582419.582436},
 publisher = {ACM},
 address = {New York, NY, USA},
 }
 
@article{osgi-intro,
 author = {Tavares, Andre L.C. and Valente, Marco Tulio},
 title = {A gentle introduction to OSGi},
 journal = {SIGSOFT Softw. Eng. Notes},
 volume = {33},
 number = {5},
 year = {2008},
 issn = {0163-5948},
 pages = {1--5},
 doi = {http://doi.acm.org/10.1145/1402521.1402526},
 publisher = {ACM},
 address = {New York, NY, USA},
 }
 

@book{subversion,
 author = {Collins-Sussman, Ben and Fitzpatrick, Brian W. and Pilato, C. Michael},
 title = {Version Control With Subversion - The Official Guide And Reference Manual},
 year = {2009},
 isbn = {1441437762, 9781441437761},
 publisher = {CreateSpace},
 address = {Paramount, CA},
 }
 
 
@article{cloud-comp-survey,
 author = {Buyya, Rajkumar and Yeo, Chee Shin and Venugopal, Srikumar and Broberg, James and Brandic, Ivona},
 title = {Cloud computing and emerging IT platforms: Vision, hype, and reality for delivering computing as the 5th utility},
 journal = {Future Gener. Comput. Syst.},
 volume = {25},
 number = {6},
 year = {2009},
 issn = {0167-739X},
 pages = {599--616},
 doi = {http://dx.doi.org/10.1016/j.future.2008.12.001},
 publisher = {Elsevier Science Publishers B. V.},
 address = {Amsterdam, The Netherlands, The Netherlands},
 }

@inproceedings{cloud-comp-architectures,
 author = {Lenk, Alexander and Klems, Markus and Nimis, Jens and Tai, Stefan and Sandholm, Thomas},
 title = {What's inside the Cloud? An architectural map of the Cloud landscape},
 booktitle = {CLOUD '09: Proceedings of the 2009 ICSE Workshop on Software Engineering Challenges of Cloud Computing},
 year = {2009},
 isbn = {978-1-4244-3713-9},
 pages = {23--31},
 doi = {http://dx.doi.org/10.1109/CLOUD.2009.5071529},
 publisher = {IEEE Computer Society},
 address = {Washington, DC, USA},
 }

@article{virtualization,
 author = {Li, Peng},
 title = {Exploring virtual environments in a decentralized lab},
 journal = {SIGITE Newsl.},
 volume = {6},
 number = {1},
 year = {2009},
 pages = {4--10},
 doi = {http://doi.acm.org/10.1145/1507561.1507562},
 publisher = {ACM},
 address = {New York, NY, USA},
 keywords = {virtualization, virtualbox, vbox},
 }


%%%%%%%%%%%%%%%%%%%%%%%%%%%%%%%%%%%  MISCELANEOUS %%%%%%%%%%%%%%%%%%%%%%%%%%%%%%%%%%%%%%%%%%%

@misc{gumstix,
    title = {{Gumstix}},
    year = {2008},
    howpublished = "\url{http://www.gumstix.com/}",
    key = {gumstix}
}

@misc{jamvm,
    title = {JamVM},
    year = {2009},
    howpublished = "\url{http://jamvm.sourceforge.net/}",
    key = {jamvm}
}

@misc{busybox,
    title = {BusyBox: The Swiss Army Knife of Embedded Linux},
    year = {2008},
    howpublished = "\url{http://www.busybox.net/about.html}",
    key = {busybox}
}

@misc{opendap,
    title = {{OPeNDAP}},
    year = {2009},
    howpublished = "\url{http://opendap.org/}",
    key = {opendap}
}

@misc{knopflerfish,
    title = {Knopflerfish},
    year = {2009},
    howpublished = "\url{http://www.knopflerfish.org/}",
    key = {knopflerfish, osgi, java, modularity}
}

@book{apache-ant,
 author = {Moodie, Matthew},
 title = {Pro Apache Ant (Pro)},
 year = {2005},
 isbn = {1590595599},
 publisher = {Apress},
 address = {Berkely, CA, USA},
 }

@book{java-tutorial,
 author = {Campione, Mary and Walrath, Kathy and Huml, Alison},
 title = {The  Java Tutorial: A Short Course on the Basics},
 year = {2000},
 isbn = {0201703939},
 publisher = {Addison-Wesley Longman Publishing Co., Inc.},
 address = {Boston, MA, USA},
 }

@book{java,
 author = {Arnold, Ken and Gosling, James and Holmes, David},
 title = {Java(TM) Programming Language, The (4th Edition)},
 year = {2005},
 isbn = {0321349806},
 publisher = {Addison-Wesley Professional},
}

@article{sql,
 author = {Melton, Jim},
 title = {SQL language summary},
 journal = {ACM Comput. Surv.},
 volume = {28},
 number = {1},
 year = {1996},
 issn = {0360-0300},
 pages = {141--143},
 doi = {http://doi.acm.org/10.1145/234313.234374},
 publisher = {ACM},
 address = {New York, NY, USA},
 }
 
 @book{matlab,
 author = {Dukkipati, R. V.},
 title = {Analysis \& Design of Control Systems using MATLAB},
 year = {2009},
 isbn = {1906574197, 9781906574192},
 publisher = {New Age International (P) Limited},
 address = {New Delhi, India, India},
 }
 

@misc{classpath,
    title = {Gnu Classpath},
    year = {2009},
    howpublished = "\url{http://www.gnu.org/software/classpath/}",
    key = {classpath}
}

@misc{sfbay-oilspill2009,
    title = {Oil spills into S.F. Bay south of Bay Bridge},
    year = {2009},
    month = {October},
    howpublished = "\url{http://www.sfgate.com/cgi-bin/article.cgi?f=/c/a/2009/10/30/BA9B1ACTST.DTL}",
    key = {sfbay-oilspill2009}
}

@misc{xml,
    title = {Extensible Markup Language (XML) 1.0 (Fifth Edition)},
    year = {2000},
    howpublished = "\url{http://www.w3.org/TR/REC-xml/}",
    key = {xml}
}

@misc{xml-schema,
    title = {XML Schema Part 0: Primer Second Edition},
    year = {2004},
    howpublished = "\url{http://www.w3.org/TR/2004/REC-xmlschema-0-20041028/}",
    key = {xml-schema}
}

@misc{xml-xpath,
    title = {XML Path Language (XPath) 2.0},
    year = {2007},
    howpublished = "\url{http://www.w3.org/TR/2007/REC-xpath20-20070123/}",
    key = {xml-xpath}
}

@misc{xml-jaxb2004,
    title = {Java Architecture for XML Binding (JAXB) 2.0},
    year = {2008},
    howpublished = "\url{http://www.w3.org/TR/2004/REC-xmlschema-0-20041028/}",
    key = {jaxb, java, xml}
}

@book{xml-dbind,
    title = {Java and XML data binding},
    author = {B McLaughlin},
    publisher = {Prentice-Hall International Editions},
    key = {xml, data binding},
    year = {2002}
}

@book{Rumbaugh1991,
    author = {James Rumbaugh and Michael Blaha and William Premerlani and Frederick Eddy and William Lorensen},
    title = {Object-Oriented Modeling and Design},
    publisher = {Prentice-Hall International Editions},
    address = {New York, NY},
    year = {1991}
}

@rfc{http,
    author = {Fielding,, R. and Gettys,, J. and Mogul,, J. and Frystyk,, H. and Berners-Lee,, T.},
    title = {Hypertext Transfer Protocol -- HTTP/1.1},
    publisher = {RFC Editor},
    address = {United States},
    year = {1997}
}

@misc{http-client,
    title = {Apache Jakarta Commons HTTP Client, Apache Software Foundation},
    year = {2008},
    howpublished = "\url{hc.apache.org/httpclient-3.x/}",
    key = {http, protocol, tcp}
}

@book{java-servlets,
    author = {Moss, Karl},
    title = {Java Servlets},
    year = {1999},
    isbn = {0071351884},
    publisher = {McGraw-Hill, Inc.},
    address = {New York, NY, USA}
}

@article{slide-window,
    author = {Jan L. A. van de Snepscheut},
    title = {The sliding-window protocol revisited},
    journal = {Formal Aspects of Computing},
    publisher = {Springer London},
    volume = {11},
    issue = {Volume 7, Number 1},
    month = {January},
    year = {1995},
    pages = {3 - 17}
}

@manual{YSI-Sonde,
    title = {6-Series Multiparameter Water Quality Sondes - User Manual},
    organization = {YSI Incorporated},
    note ="\url{https://www.ysi.com/DocumentServer/DocumentServer?docID=EMS_S_I}"
}

@misc{osgi,
    title = {{OSGi}},
    year = {2009},
    howpublished = "\url{http://www.osgi.org/Main/HomePage}",
    key = {osgi}
}

@misc{tinyos,
    title = {TinyOS},
    year = {2009},
    howpublished  = "\url{http://www.tinyos.net/}",
    key = {tinyos}
}

@book{json,
 author = {Stefanov, Stoyan},
 title = {Object-Oriented JavaScript},
 year = {2008},
 isbn = {1847194141, 9781847194145},
 publisher = {Packt Publishing},
 }

@misc{javascript,
    title = {The Javascript Scripting language},
    year = {2009},
    howpublished  = "\url{http://en.wikipedia.org/wiki/JavaScript}",
    key = {javascript}
}

@misc{bashshell,
    title = {Bourne shell},
    year = {2009},
    howpublished  = "\url{http://en.wikipedia.org/wiki/Bourne_shell}",
    key = {bashshell}
}

@misc{python,
    title = {The Python Language Reference},
    year = {2009},
    howpublished  = "\url{http://docs.python.org/reference/}",
    key = {python}
}

@book{ruby,
 author = {Flanagan, David and Matsumoto, Yukihiro},
 title = {The ruby programming language},
 year = {2008},
 isbn = {9780596516178},
 publisher = {O'Reilly},
 key = {ruby}
}
 
@article{rs232,
    author = {Ana Luiza de Almeida Pereira Zuquim and Claudionor José Nunes Coelho Jr and Antônio Otávio Fernandes and Marcos Pêgo de Oliveira and Andréa Iabrudi Tavares},
    title = {An Embedded Converter from RS232 to Universal Serial Bus},
    journal ={Integrated Circuit Design and System Design, Symposium on},
    volume = {0},
    year = {2001},
    isbn = {0-7695-1333-6},
    pages = {0091},
    doi = {http://doi.ieeecomputersociety.org/10.1109/SBCCI.2001.953009},
    publisher = {IEEE Computer Society},
    address = {Los Alamitos, CA, USA},
}

@misc{couchdb,
    title = {The CouchDB Project},
    year = {2009},
    howpublished  = "\url{http://couchdb.apache.org/}",
    key = {couchdb}
}

@misc{mongodb,
    title = {mongoDB: Combining the best features of document databases, key-value stores, and RDBMSes},
    year = {2009},
    howpublished  = "\url{http://www.mongodb.org/}",
    key = {mongodb}
}

@misc{bson,
    title = {mongoDB - Binary JSON},
    year = {2009},
    howpublished  = "\url{http://www.mongodb.org/display/DOCS/BSON}",
    key = {bson}
}

@misc{mysql,
    title = {MySQL Database},
    year = {2009},
    howpublished  = "\url{http://dev.mysql.com/}",
    key = {mysql}
}

@misc{tinydb,
    title = {TinyDB: A Declarative Database for Sensor Networks},
    year = {2009},
    howpublished  = "\url{http://telegraph.cs.berkeley.edu/tinydb/}",
    key = {tinydb}
} 

@misc{db2,
    title = {IBM DB2 Software},
    year = {2009},
    howpublished  = "\url{http://www-01.ibm.com/software/data/db2/xml/}",
    key = {db2}
}

@book{uml,
 author = {Booch, Grady and Rumbaugh, James and Jacobson, Ivar},
 title = {The Unified Modeling Language user guide},
 year = {1999},
 isbn = {0-201-57168-4},
 publisher = {Addison Wesley Longman Publishing Co., Inc.},
 address = {Redwood City, CA, USA},
 }
 
@inproceedings{gps,
 author = {Luimula, Mika and S\"{a}\"{a}skilahti, Kirsti and Partala, Timo and Saukko, Ossi},
 title = {Techniques for location selection on a mobile device},
 booktitle = {EATIS '07: Proceedings of the 2007 Euro American conference on Telematics and information systems},
 year = {2007},
 isbn = {978-1-59593-598-4},
 pages = {1--4},
 location = {Faro, Portugal},
 doi = {http://doi.acm.org/10.1145/1352694.1352763},
 publisher = {ACM},
 address = {New York, NY, USA},
}
 